@online{c_api_objekte,
author = "Python Software Foundation",
    title = "3.12.4 Documentation » Python/C API Reference Manual » Concrete Objects Layer » Type Objects",
    url  = "https://docs.python.org/3/c-api/type.html",
        year = "2024",
    keywords = "c_api",
    urldate = {2024-06-26}
}

@online{c_api_module,
author = "Python Software Foundation",
    title = "3.12.4 Documentation » Python/C API Reference Manual » Concrete Objects Layer » Module Objects",
    url  = "https://docs.python.org/3/c-api/module.html",
        year = "2024",
    keywords = "c_api, modules",
    urldate = {2024-06-26}
}

@online{c_api_github,
    author = "Python Software Foundation",
    title = "cpython/Doc/c-api/structures.rst",
    url  = "https://github.com/python/cpython/blob/main/Doc/c-api/structures.rst",
    year = "2024",
    keywords = "c_api, github",
    urldate = {2024-06-26}
}

@online{c_api_init,
    author = "Python Software Foundation",
    title = "Extending Python with C or C++",
    url  = "https://docs.python.org/3/extending/extending.html",
    year = "2024",
    keywords = "c_api, PyMODINIT_FUNC",
    urldate = {2024-06-26}
}

@online{cython-setup,
    author = "Stefan Behnel and Robert Bradshaw and Dag Sverre Seljebotn and Greg Ewing and William Stein and Gabriel Gellner, et al..",
    title = "Building Cython code",
    url  = "https://cython.readthedocs.io/en/latest/src/quickstart/build.html",
    year = "2024",
    keywords = "cython, setup",
    urldate = {2024-06-26}
}

@online{cython-syntax,
    author = "Stefan Behnel and Robert Bradshaw and Dag Sverre Seljebotn and Greg Ewing and William Stein and Gabriel Gellner, et al..",
    title = "Language Basics",
    url  = "https://cython.readthedocs.io/en/latest/src/userguide/language_basics.html",
    year = "2024",
    keywords = "cython, setup",
    urldate = {2024-06-26}
}

@online{numpy,
    author = "NumPy team",
    title = "numpy",
    url  = "https://github.com/numpy/numpy",
    year = "2024",
    keywords = "numpy",
    urldate = {2024-06-26}
}

@online{pytorch,
    author = "Pytorch team",
    title = "Pytorch",
    url  = "https://github.com/pytorch/pytorch",
    year = "2024",
    keywords = "pytorch",
    urldate = {2024-06-26}
}

@online{pandas,
    author = "NumFocus, Inc",
    title = "pandas",
    url  = "https://github.com/pandas-dev/pandas/tree/main",
    year = "2024",
    keywords = "pandas",
    urldate = {2024-06-26}
}

@online{time,
    author = "Linux man-pages",
    title = "time(1) — Linux manual page",
    url  = "https://man7.org/linux/man-pages/man1/time.1.html",
    year = "2024",
    keywords = "time",
    urldate = {2024-06-26}
}

@online{my_github,
    author = "Philipp Gerloff",
    title = "C-in-Python",
    url  = "https://github.com/SpaceMettzger/C-in-Python",
    year = "2024",
    keywords = "time",
    urldate = {2024-06-26}
}




